@article{HagelJones,
 ISSN = {00029939, 10886826},
 URL = {http://www.jstor.org/stable/4097840},
 abstract = {Let T denote the unit circle. An example of a sublinear translation-invariant operator T acting on $L^{1} (\mathbb{T})$ is given such that T is of restricted weak type (1, 1) but not of weak type (1, 1).},
 author = {Paul A. Hagelstein and Roger L. Jones},
 journal = {Proceedings of the American Mathematical Society},
 number = {1},
 pages = {185--190},
 publisher = {American Mathematical Society},
 title = {On Restricted Weak Type (1, 1): The Continuous Case},
 urldate = {2022-09-08},
 volume = {133},
 year = {2005}
}

@article{Hunt,
author = {Richard A. Hunt},
title = {{An extension of the Marcinkiewicz interpolation theorem to Lorentz spaces}},
volume = {70},
journal = {Bulletin of the American Mathematical Society},
number = {6},
publisher = {American Mathematical Society},
pages = {803 -- 807},
year = {1964},
doi = {bams/1183526338},
URL = {https://doi.org/}
}
